2848 4361
419 280 811 367 623-646-]

1151 276 1833 343 PHARSALJAE.
2446 287 2529 355 27

428 459 639 539 Fibra
661 459 842 535 latet,
876 478 1250 540 parvusque
1281 464 1463 521 secat
1493 455 1719 520 vitalia
1750 455 1957 519 limes,

430 565 564 629 Cor
587 565 764 646 jacet
795 585 809 627 :
855 573 922 627 et
952 564 1203 627 saniem
1235 583 1353 644 per
1381 561 1640 625 hiantes
1670 561 1919 623 viscera
1950 558 2151 623 rimas

428 667 770 731 Emittunt
798 689 811 731 ε
859 668 1280 750 produntque
1312 687 1463 729 suas
1497 674 1765 729 omenta
1796 664 2097 727 latebras.
2402 662 2527 744 625

429 771 768 854 Quodque
803 771 1036 856 (nefas)
1072 771 1265 834 nullis
1298 772 1567 853 impune
1598 769 1904 851 apparuit
1935 769 2129 845 extiS,

429 877 624 953 Ecce,
658 877 838 940 videt
869 877 1069 959 capiti
1102 875 1412 937 fibrarum
1446 875 1803 935 increscere
1835 871 2079 935 molem

1598 948 1730 989 wisa

428 980 729 1045 Alterius
761 981 1033 1063 capitis:
1079 1000 1229 1062 pars
1263 999 1461 1061 aegra
1491 987 1557 1040 et
1591 938 1881 1039 marcida
1912 974 2179 1057 pendet,

428 1086 584 1150 Pars
617 1088 818 1150 micat
849 1096 916 1149 et
947 1085 1137 1149 celeri
1167 1105 1368 1147 venas
1401 1092 1625 1146 movet
1656 1080 1956 1163 improba
1988 1079 2198 1163 pulsu.

434 1190 562 1254 His
595 1191 704 1254 ubi
738 1191 1040 1271 concepit
1073 1210 1464 1272 magnorum
1498 1188 1635 1250 fata
1668 1187 2009 1262 malorum,
2394 1184 2528 1273 630

424 1293 821 1358 Exclamat:
871 1299 906 1326 “
926 1294 1066 1356 Vix
1097 1292 1212 1368 faS,
1246 1292 1481 1375 superi,
1516 1310 1974 1373 quaecumque
2006 1287 2289 1352 monetis

422 1404 461 1432 “
485 1398 769 1461 Prodere
799 1419 906 1461 me
936 1397 1198 1480 populis
1229 1419 1243 1460 ε
1290 1416 1505 1477 neque
1538 1395 1713 1456 enim
1746 1392 1866 1455 tibi
1898 1411 2157 1454 summe
2189 1390 2373 1455 litavi

420 1503 782 1584 “Juppiter
809 1503 938 1566 hoc
967 1523 1227 1566 sacrum
1255 1523 1268 1565 :
1315 1501 1621 1582 caesique
1653 1499 1717 1561 in
1751 1506 2020 1580 pectora
2048 1497 2221 1561 tauri

421 1611 460 1639 “
485 1606 734 1668 Inferni
765 1627 1001 1669 venere
1033 1605 1154 1668 dei.

423 1709 623 1774 “Sed
655 1711 921 1773 venient
955 1709 1205 1790 majora
1238 1716 1436 1769 metu.

1247 1605 1402 1667 Non
1438 1602 1637 1665 fanda
1668 1602 1977 1664 timemus
2008 1622 2024 1664 ε
2079 1608 2087 1623 ’

1528 1706 1618 1768 Di
1648 1706 1788 1768 visa
1817 1703 2199 1781 secundent,
2391 1704 2472 1785 63
2483 1717 2515 1786 5

421 1819 459 1873 .“
480 1814 573 1877 Et
606 1815 783 1878 fibris
815 1815 900 1877 sit
933 1812 1114 1875 nulla
1130 1812 1308 1874 ·fides
1336 1833 1351 1888 3
1397 1811 1515 1875 sed
1550 1810 1853 1872 conditor
1881 1810 2039 1872 artis

392 1920 454 1949 “‘
478 1917 780 1978 Finxerit
809 1917 935 1978 ista
965 1915 1239 1996 TageS.”

1333 1913 1546 1976 Flexa
1577 1915 1671 1976 sic
1703 1915 1925 1976 omina
1957 1912 2216 1976 Tuscus

419 2018 773 2082 Involvens
806 2017 1150 2099 multaque
1180 2026 1412 2098 tegens
1444 2016 1727 2097 ambage
1758 2015 2053 2079 canebat.

549 2120 649 2185 At
686 2121 975 2204 Figulus,
1009 2122 1113 2184 cui
1146 2142 1300 2184 cura
1332 2121 1493 2184 deos
1524 2129 1908 2203 secretaque
1939 2119 2104 2184 coeli

415 2225 636 2288 Nosse
668 2224 805 2301 fuit,
841 2245 1040 2307 quem
1073 2245 1204 2287 non
1237 2224 1576 2287 stellarum
1608 2223 1954 2306 Aegyptia
1988 2222 2323 2307 Memphis
2387 2224 2519 2304 640

415 2328 763 2411 Aequaret
793 2330 952 2404 visu,
988 2328 1406 2409 numerisque
1440 2327 1855 2389 moventibus
1885 2336 2101 2391 astra:

414 2438 454 2466 “
476 2431 622 2494 Aut
652 2431 759 2518 hic
790 2431 1014 2505 errat,”
1049 2432 1157 2506 ait,
1194 2436 1229 2463 “
1248 2429 1429 2493 nulla
1458 2450 1608 2492 cum
1641 2429 1787 2511 lege
1817 2450 1935 2512 per
1965 2450 2203 2493 aevum

408 2542 455 2571 “
480 2536 789 2611 MunduS,
825 2545 892 2599 et
923 2536 1172 2598 incerto
1205 2535 1576 2597 discurrunt
1606 2534 1820 2597 sidera
1853 2543 2036 2597 motu
2063 2554 2079 2597 z

412 2646 454 2675 “
477 2639 640 2714 Aut,
674 2641 728 2702 si
761 2639 897 2712 fata
929 2647 1216 2714 movent,
1254 2639 1421 2703 Urbi
1455 2640 1810 2720 generique
1841 2648 2110 2721 paratur

412 2752 451 2782 “
472 2746 790 2809 Humano
824 2753 1082 2807 matura
1113 2744 1269 2807 lueS.

1360 2743 1692 2810 Terraene
1723 2742 2090 2819 dehiscent,
2107 2737 2138 2776 c:
2154 2769 2169 2780 ’¹
2193 2737 2196 2740 ’
2379 2742 2503 2824 645

408 2854 447 2883 “
474 2848 969 2930 Subsidentque
1001 2847 1246 2911 urbes?
1290 2868 1375 2911 an
1406 2846 1598 2911 tollet
1628 2846 1914 2910 fervidus
1945 2853 2059 2909 aer

508 3094 620 3158 623.
678 3096 844 3146 fibra:
880 3113 1038 3146 seems
1073 3103 1127 3146 to
1162 3112 1307 3145 mean
1337 3096 1424 3146 the

1489 3095 1593 3145 find
1628 3094 1835 3145 another
1877 3094 2115 3158 difficulty
2157 3094 2290 3155 here,
2338 3094 2505 3145 where

411 3160 690 3225 breathing-
693 3178 922 3225 passages
956 3163 1013 3211 of
1046 3163 1129 3211 the
1162 3164 1321 3226 lungs,
1368 3177 1426 3210 or
1488 3162 1626 3211 there
1664 3178 1821 3210 seems
1850 3170 1903 3210 to
1942 3162 2006 3210 be
2043 3176 2187 3209 none.
2250 3161 2361 3209 The
2400 3177 2502 3209 em-

409 3225 623 3289 perhaps
646 3227 730 3275 the
753 3227 905 3275 wind·
889 3228 1040 3291 -pipe.
1061 3228 1309 3278 —latetz
1351 3228 1424 3275 ‘is

407 3290 596 3339 shrunk
619 3291 864 3339 inwards.'

508 3355 619 3418 625.
682 3359 925 3406 omenta:
968 3356 1083 3406 ‘the
1112 3358 1423 3406 membranes

406 3421 572 3471 which
595 3437 741 3470 cover
764 3422 846 3470 the
870 3421 1104 3471 entrails.’

504 3486 615 3547 627.
678 3486 842 3546 capiti
876 3487 1127 3535 fibrarum
1151 3505 1163 3535 :
1187 3488 1335 3551 jecur
1366 3488 1421 3535 in

388 3552 554 3616 fibras
619 3559 833 3615 quatuor
897 3553 1139 3600 dividitur
1153 3567 1171 3601 .·
1227 3552 1413 3601 Celsus.

401 3617 1421 3731 ἵαῖἶΐίἔϋναῩζῖεἚδὶιξὴθῖἳῖἒῗ31ῗίἶὲ

401 3691 558 3795 nire}
578 3699 719 3795 ognoe
743 3748 856 3795 lobe
879 3700 1192 3811 repregenssed
1217 3748 1412 3808 Caesar,

401 3812 485 3860 the
509 3811 651 3860 other
676 3813 912 3877 Pompey.

499 3876 610 3939 632.
672 3877 864 3927 litavi:
922 3878 1135 3927 ‘offered
1181 3893 1212 3926 a
1249 3877 1419 3926 victim

381 3940 461 3991 ,οἶ
491 3942 810 3993 atonement.’
880 3944 992 3994 The
1037 3950 1419 3993 commentators

1490 3227 1656 3290 phasis
1679 3227 1768 3275 lies
1802 3243 1868 3275 on
1902 3242 2002 3275 non
2034 3227 2134 3284 tibi,
2173 3226 2385 3290 ssepitem
2423 3226 2509 3275 sed

1486 3293 1564 3340 dts
1584 3292 1806 3355 inferum.

1586 3356 1695 3419 637.
1757 3355 2007 3405 finxerit:
2042 3356 2094 3403 in
2125 3371 2189 3403 an
2212 3354 2502 3419 imperative

1485 3421 2407 3549 3325}ss{223e233213ffl223225235‘is
2426 3422 2499 3469 “²‘'

1584 3551 1695 3614 639.
1738 3552 1993 3612 Figulus:
2020 3550 2252 3614 Nigidius
2272 3550 2493 3614 Figulus,

1487 3633 1518 3665 a
1532 3618 1874 3681 Pythagorean
1888 3617 2210 3681 philosopher
2218 3616 2275 3664 of
2285 3615 2501 3666 Cicero's

1487 3683 1618 3732 time.

1584 3746 1694 3808 641.
1757 3747 2028 3797 numeris:
2064 3746 2096 3796 i.
2126 3762 2169 3795 e.
2198 3746 2284 3795 the
2307 3747 2501 3796 science

1486 3812 1543 3861 of
1558 3821 1856 3875 astronomy.

1584 3876 1694 3938 646.
1756 3877 1911 3926 tollet.
1976 3876 2284 3937 temperiem
2306 3892 2320 3925 z
2386 3892 2503 3939 may

1484 3958 1632 3992 mean
1661 3943 1810 3993 ‘raise
1832 3943 1894 3993 its
1912 3942 2265 4008 temperature’
2290 3957 2347 3990 so
2372 3957 2427 3990 as
2449 3949 2504 3990 to
