2848 4361
289 329 692 414 373-400·]
995 325 1672 415 PHARSALJAE.
2313 337 2408 408 17·

299 517 336 545 “
359 511 504 574 Nec
534 508 690 572 civis
723 527 908 570 meus
939 515 1056 581 est,
1088 507 1153 568 in
1185 526 1384 588 quem
1415 513 1532 568 tua
1562 502 1848 579 classica,
1885 501 2144 580 Caesar,

301 620 339 650 “
361 614 677 677 Audiero.
774 612 896 674 Per
925 611 1113 692 signa
1144 609 1373 672 decem
1405 610 1617 672 felicia
1648 609 1892 685 castriS,

302 723 341 753 “
366 717 618 798 Perque
650 724 798 778 tuos
822 714 973 796 juro
1005 733 1421 794 quocumque
1453 734 1541 774 ex
1570 712 1760 775 hoste
1789 708 2157 793 triumphos
2183 728 2201 789 ;
2265 720 2386 791 375

301 826 339 856 “
365 820 637 883 Pectore
666 820 720 880 si
752 818 966 880 fratris
997 817 1308 898 gladium,
1333 815 1700 898 juguloque
1729 816 2019 898 parentis

301 930 339 961 “
366 924 667 989 Condere
699 942 806 984 me
829 921 1080 1002 jubeas,
1113 920 1479 1002 plenaeque
1509 920 1575 982 in
1605 921 1852 983 viscera
1881 918 2074 1001 partu

303 1033 340 1062 “
366 1026 699 1107 Coniugis,
734 1025 937 1088 invita
967 1044 1279 1106 peragam
1309 1033 1535 1086 tamen
1568 1024 1790 1086 omnia
1820 1022 2059 1084 dextra
2086 1040 2106 1101 ;

302 1136 341 1167 “
366 1130 438 1194 Si
469 1128 749 1213 spoliare
780 1128 957 1205 deOS,
991 1129 1344 1210 ignemque
1375 1129 1730 1191 immittere
1760 1127 2044 1209 templiS,

302 1240 340 1270 “
363 1235 659 1298 Numina
691 1233 990 1295 miscebit
1018 1233 1365 1296 castrensis
1397 1232 2011 1311 flamma-Monetae
2038 1249 2058 1309 ;
2265 1227 2396 1309 380

303 1344 341 1375 “
366 1340 600 1404 Castra
630 1359 826 1420 super
853 1338 1053 1400 Tusci
1086 1338 1138 1400 si
1171 1357 1414 1419 ponere
1444 1336 1756 1418 Tybridis
1788 1335 2017 1412 undaS,

303 1451 340 1481 ‘⁶
368 1445 727 1527 Hesperios
757 1443 982 1506 audax
1012 1443 1273 1506 veniam
1305 1450 1590 1504 metator
1619 1442 1685 1503 in
1717 1460 1926 1521 agros

301 1549 461 1612 “Tu
496 1567 947 1630 quoscumque
975 1547 1155 1610 voles
1186 1547 1252 1609 in
1272 1546 1556 1629 ,planum
1588 1545 1923 1608 effundere
1955 1562 2196 1619 muros„

220 1682 227 1685 ¹
302 1658 341 1689 “
368 1653 495 1715 His
527 1653 693 1714 aries
723 1661 909 1715 actus
940 1651 1274 1732 disperget
1303 1671 1470 1712 saxa
1501 1649 1798 1712 lacertis:
2085 1646 2087 1648 ’

302 1762 340 1793 “
365 1757 490 1820 Illa
520 1757 688 1832 licet,
722 1757 983 1838 penitus
1014 1755 1156 1818 tolli
1189 1776 1390 1836 quam
1421 1755 1682 1817 iusseris
1714 1753 1961 1828 urbem,
2267 1750 2346 1831 38
2354 1760 2387 1829 5

303 1866 341 1895 “
367 1862 585 1923 Roma
615 1861 753 1923 sit.’'
847 1860 976 1922 His
1007 1868 1283 1921 cunctae
1313 1858 1509 1921 simul
1539 1858 1885 1921 adsensere
1915 1855 2234 1932 cohorteS,

304 1964 670 2045 Elatasque
701 1962 850 2039 alte,
884 1974 1339 2045 quaecumque
1370 1963 1455 2026 ad
1487 1963 1662 2026 bella
1688 1971 1970 2039 vocaret,

307 2067 669 2130 Promisere
702 2087 951 2129 manus
1044 2066 1110 2129 It
1139 2075 1363 2129 tantus
1393 2067 1480 2129 ad
1512 2065 1778 2129 aethera
1807 2065 2071 2141 clamor,
2166 2088 2171 2093 ·

305 2169 629 2253 Quantus,
663 2168 976 2251 piniferae
1008 2169 1250 2232 Boreas
1281 2192 1487 2252 quum
1517 2168 1836 2233 Thracius
1870 2167 2081 2234 Ossae

306 2273 612 2355 Rupibus
643 2274 954 2349 incubuit,
988 2284 1257 2338 curvato
1288 2275 1521 2338 robore
1552 2296 1816 2357 pressae
2270 2286 2397 2353 390

301 2378 415 2441 Fit
443 2398 661 2453 sonus,
694 2386 810 2440 aut
839 2398 1059 2441 rursus
1090 2377 1421 2442 redeuntis
1452 2380 1519 2441 in
1550 2377 1817 2442 aethera
1846 2377 2063 2441 silvae.

436 2481 683 2545 Caesar
712 2491 786 2545 ut
816 2492 1162 2565 acceptum
1194 2492 1333 2546 tam
1364 2505 1573 2566 prono
1606 2484 1812 2547 milite
1842 2484 2107 2560 bellum,

301 2584 606 2666 Fataque
638 2584 803 2647 ferre
831 2586 1030 2662 videt,
1067 2607 1148 2649 ne
1179 2607 1313 2669 quo
1344 2586 1659 2669 languore
1691 2596 1981 2651 moretur

303 2688 688 2764 Fortunam,
722 2709 982 2769 sparsas
1013 2709 1130 2770 per
1162 2688 1415 2753 Gallica
1446 2711 1595 2753 rura
1624 2690 1927 2754 cohortes

302 2790 578 2866 Evocat,
611 2800 679 2853 et
711 2792 1000 2854 Romam
1033 2794 1231 2875 motis
1262 2796 1431 2875 petit
1462 2795 1752 2877 undique
1782 2794 2001 2877 signis·
2268 2805 2388 2876 395

303 2892 670 2958 Deseruere
700 2917 861 2959 cavo
894 2899 1177 2960 tentoria
1209 2897 1347 2961 fixa
1379 2900 1697 2977 Leman0,

309 2997 691 3081 Castraque,
723 3022 910 3083 quae,
943 3002 1191 3084 Vogesi
1222 3025 1490 3067 curvam
1521 3025 1718 3086 super
1746 3004 1955 3068 ardua
1982 3023 2234 3087 rupem,

310 3102 650 3184 Pugnaces
681 3106 871 3186 pictis
902 3106 1299 3170 cohibebant
1331 3108 1668 3189 Lingonas
1699 3108 1912 3171 armiS.

309 3205 407 3269 Hi
437 3206 610 3269 vada
639 3194 968 3288 liquerunt
1001 3209 1240 3288 Isarae,
1274 3211 1404 3293 qui,
1438 3211 1699 3292 gurgite
1728 3210 1965 3274 ductus

306 3308 432 3371 Per
460 3316 601 3371 tam
632 3310 841 3373 multa
871 3330 1006 3389 Su0,
1040 3313 1256 3376 famae
1288 3314 1551 3377 maioris
1583 3314 1648 3376 in
1680 3333 1947 3376 amnem
2265 3327 2397 3391 400

405 3491 516 3543 373.
579 3480 835 3531 classica:
906 3483 920 3509 ‘
935 3483 1150 3547 signal’:
1207 3485 1316 3533 said
1378 3492 1511 3535 went
1533 3485 1585 3533 in
1615 3485 1834 3534 advance
1862 3490 1915 3533 to
1948 3482 2099 3532 select
2131 3483 2231 3531 and
2262 3498 2396 3531 mea-

305 3552 359 3595 to
386 3546 451 3595 be
481 3547 619 3595 short
657 3546 734 3596 for
758 3548 987 3597 calassica
1004 3565 1022 3599 .·
1056 3549 1184 3598 from
1212 3552 1315 3599 calo
1379 3566 1489 3600 sure
1512 3551 1597 3599 the
1617 3551 1809 3614 ground
1832 3550 1908 3598 for
1929 3550 2013 3598 the
2036 3564 2195 3611 camp.

310 3613 397 3661 ‘to
420 3610 686 3660 summon.’
819 3661 830 3675 ,
1478 3629 1589 3678 392.
1649 3618 1953 3677 acceptum:
1999 3635 2053 3653 =
2083 3620 2304 3677 gratum.

409 3675 518 3739 380.
579 3678 859 3728 Monetae:
926 3679 1063 3728 there
1123 3696 1224 3729 was
1289 3697 1322 3729 a
1484 3694 1593 3743 393.
1653 3681 1827 3730 ferre:
1863 3680 1922 3729 cf.
1952 3695 2082 3743 supr.
2111 3695 2157 3727 v.
2186 3677 2264 3739 67.
2292 3679 2405 3740 fert

309 3743 494 3804 temple
518 3749 570 3790 to
589 3742 723 3805 Juno
755 3744 964 3793 Moneta
993 3761 1060 3793 on
1092 3745 1177 3793 the
1214 3746 1321 3794 Arx
1385 3748 1601 3794 animus.

309 3806 431 3854 with
454 3807 536 3855 the
558 3809 763 3870 effetha,
787 3825 844 3857 or
872 3809 1050 3857 ‘mint'
1071 3811 1313 3859 attached.
1486 3810 1595 3873 396.
1656 3810 1926 3859 Lemano:
1983 3825 2099 3857 now
2146 3808 2232 3857 the
2286 3808 2403 3857 lake

311 3871 650 3923 —miseebitz
716 3876 730 3899 ‘
744 3874 873 3923 shall
938 3876 1118 3938 utterly
1183 3892 1320 3924 over·
1388 3876 1446 3925 of
1463 3877 1678 3925 Geneva.
2419 3879 2420 3884 ’

312 3935 510 3985 thrOW.'
1488 3954 1599 4001 400.
1663 3954 1904 3988 amnem:
1940 3939 2022 3987 the
2048 3938 2240 3987 Rhene.
2293 3937 2407 3986 The

406 3999 518 4065 382.
578 4005 838 4056 metator:
872 4004 958 4056 the
990 4005 1174 4055 soldier
1210 4005 1327 4055 who
1393 4006 1534 4054 Isara
1556 4007 1597 4053 is
1620 4021 1735 4054 now
1759 4005 1844 4054 the
1868 4002 2015 4053 Isere.
2186 4077 2221 4113 C
