<?xml version="1.0" encoding="UTF-8"?>
<!DOCTYPE html PUBLIC "-//W3C//DTD XHTML 1.0 Transitional//EN"
    "http://www.w3.org/TR/xhtml1/DTD/xhtml1-transitional.dtd">
<html xmlns="http://www.w3.org/1999/xhtml" xml:lang="en" lang="en">
 <head>
  <title>
</title>
<meta http-equiv="Content-Type" content="text/html;charset=utf-8" />
  <meta name='ocr-system' content='tesseract 3.04.00' />
  <meta name='ocr-capabilities' content='ocr_page ocr_carea ocr_par ocr_line ocrx_word'/>
</head>
<body>
  <div class='ocr_page' id='page_1' title='image "./pharsaliae00lucagoog_0025.png"; bbox 0 0 2848 4361; ppageno 0'>
   <div class='ocr_carea' id='block_1_1' title="bbox 299 316 2401 406">
    <p class='ocr_par' dir='ltr' id='par_1_1' title="bbox 299 316 2401 406">
     <span class='ocr_line' id='line_1_1' title="bbox 299 316 2401 406; baseline -0.003 -20"><span class='ocrx_word' id='word_1_1' title='bbox 299 320 688 406; x_wconf 80' lang='lat'><strong>324-348·]</strong></span> <span class='ocrx_word' id='word_1_2' title='bbox 1025 316 1707 389; x_wconf 82' lang='lat' dir='ltr'><em>PHARSALIAE.</em></span> <span class='ocrx_word' id='word_1_3' title='bbox 2325 331 2353 379; x_wconf 89' lang='lat'>1</span> <span class='ocrx_word' id='word_1_4' title='bbox 2368 328 2401 395; x_wconf 85' lang='grc'><strong><em>5</em></strong></span> 
     </span>
    </p>
   </div>
   <div class='ocr_carea' id='block_1_2' title="bbox 300 494 2422 3082">
    <p class='ocr_par' dir='ltr' id='par_1_2' title="bbox 300 494 2140 596">
     <span class='ocr_line' id='line_1_2' title="bbox 300 494 2140 596; baseline -0.004 -18"><span class='ocrx_word' id='word_1_5' title='bbox 300 520 342 550; x_wconf 87' lang='lat'><strong>“</strong></span> <span class='ocrx_word' id='word_1_6' title='bbox 364 516 561 578; x_wconf 91' lang='lat' dir='ltr'><strong>Nunc</strong></span> <span class='ocrx_word' id='word_1_7' title='bbox 585 533 851 596; x_wconf 92' lang='lat' dir='ltr'><strong>quoque</strong></span> <span class='ocrx_word' id='word_1_8' title='bbox 883 532 965 573; x_wconf 91' lang='lat' dir='ltr'><strong>ne</strong></span> <span class='ocrx_word' id='word_1_9' title='bbox 996 508 1243 573; x_wconf 90' lang='lat' dir='ltr'><strong>lassum</strong></span> <span class='ocrx_word' id='word_1_10' title='bbox 1277 517 1502 571; x_wconf 89' lang='lat' dir='ltr'><strong>teneat</strong></span> <span class='ocrx_word' id='word_1_11' title='bbox 1533 508 1787 590; x_wconf 89' lang='lat' dir='ltr'><strong>privata</strong></span> <span class='ocrx_word' id='word_1_12' title='bbox 1819 494 2140 585; x_wconf 81' lang='lat' dir='ltr'><strong>senectuS,</strong></span> 
     </span>
    </p>

    <p class='ocr_par' dir='ltr' id='par_1_3' title="bbox 305 613 2395 797">
     <span class='ocr_line' id='line_1_3' title="bbox 305 613 2395 697; baseline -0.004 -15"><span class='ocrx_word' id='word_1_13' title='bbox 305 625 341 654; x_wconf 90' lang='lat'><strong><em>“</em></strong></span> <span class='ocrx_word' id='word_1_14' title='bbox 363 619 547 682; x_wconf 91' lang='lat' dir='ltr'><strong>Bella</strong></span> <span class='ocrx_word' id='word_1_15' title='bbox 580 617 862 681; x_wconf 89' lang='lat' dir='ltr'><strong>nefanda</strong></span> <span class='ocrx_word' id='word_1_16' title='bbox 896 624 1101 697; x_wconf 92' lang='lat' dir='ltr'><strong>parat,</strong></span> <span class='ocrx_word' id='word_1_17' title='bbox 1136 623 1360 677; x_wconf 88' lang='lat' dir='ltr'><strong>suetus</strong></span> <span class='ocrx_word' id='word_1_18' title='bbox 1392 613 1688 676; x_wconf 91' lang='lat' dir='ltr'><strong>civilibus</strong></span> <span class='ocrx_word' id='word_1_19' title='bbox 1722 614 1936 688; x_wconf 83' lang='lat' dir='ltr'><strong>armiS,</strong></span> <span class='ocrx_word' id='word_1_20' title='bbox 2275 628 2354 693; x_wconf 85' lang='lat'><strong>32</strong></span> <span class='ocrx_word' id='word_1_21' title='bbox 2363 624 2395 692; x_wconf 82' lang='grc'><strong><em>5</em></strong></span> 
     </span>
     <span class='ocr_line' id='line_1_4' title="bbox 307 717 2063 797; baseline -0.003 -13"><span class='ocrx_word' id='word_1_22' title='bbox 307 727 345 756; x_wconf 88' lang='lat'><strong>“</strong></span> <span class='ocrx_word' id='word_1_23' title='bbox 365 723 459 784; x_wconf 91' lang='lat' dir='ltr'><strong>Et</strong></span> <span class='ocrx_word' id='word_1_24' title='bbox 489 720 719 783; x_wconf 92' lang='lat' dir='ltr'><strong>docilis</strong></span> <span class='ocrx_word' id='word_1_25' title='bbox 754 718 1013 782; x_wconf 81' lang='lat' dir='ltr'>Sullam</span> <span class='ocrx_word' id='word_1_26' title='bbox 1045 717 1362 780; x_wconf 91' lang='lat' dir='ltr'><strong>scelerum</strong></span> <span class='ocrx_word' id='word_1_27' title='bbox 1395 717 1626 779; x_wconf 89' lang='lat' dir='ltr'><strong>vicisse</strong></span> <span class='ocrx_word' id='word_1_28' title='bbox 1660 717 2063 797; x_wconf 82' lang='lat' dir='ltr'><strong>magistrum.</strong></span> 
     </span>
    </p>

    <p class='ocr_par' dir='ltr' id='par_1_4' title="bbox 311 820 2081 907">
     <span class='ocr_line' id='line_1_5' title="bbox 311 820 2081 907; baseline -0.005 -18"><span class='ocrx_word' id='word_1_29' title='bbox 311 831 347 860; x_wconf 88' lang='lat'><strong>“</strong></span> <span class='ocrx_word' id='word_1_30' title='bbox 371 826 603 907; x_wconf 93' lang='lat' dir='ltr'><strong>thue</strong></span> <span class='ocrx_word' id='word_1_31' title='bbox 635 824 809 886; x_wconf 90' lang='lat' dir='ltr'><strong>ferae</strong></span> <span class='ocrx_word' id='word_1_32' title='bbox 840 825 1041 904; x_wconf 86' lang='lat' dir='ltr'><strong>tigres</strong></span> <span class='ocrx_word' id='word_1_33' title='bbox 1075 842 1439 903; x_wconf 82' lang='lat' dir='ltr'><strong>numquam</strong></span> <span class='ocrx_word' id='word_1_34' title='bbox 1472 842 1748 902; x_wconf 86' lang='lat' dir='ltr'>posuere</span> <span class='ocrx_word' id='word_1_35' title='bbox 1780 820 2081 895; x_wconf 90' lang='lat' dir='ltr'><strong>furorem,</strong></span> 
     </span>
    </p>

    <p class='ocr_par' dir='ltr' id='par_1_5' title="bbox 311 923 2402 1113">
     <span class='ocr_line' id='line_1_6' title="bbox 311 923 2402 1011; baseline -0.004 -19"><span class='ocrx_word' id='word_1_36' title='bbox 311 929 555 1011; x_wconf 79' lang='lat' dir='ltr'><strong>“Quas</strong></span> <span class='ocrx_word' id='word_1_37' title='bbox 590 949 857 991; x_wconf 93' lang='lat' dir='ltr'><strong>nemore</strong></span> <span class='ocrx_word' id='word_1_38' title='bbox 893 927 1227 1008; x_wconf 83' lang='lat' dir='ltr'><strong>HyrcanO,</strong></span> <span class='ocrx_word' id='word_1_39' title='bbox 1274 933 1560 987; x_wconf 92' lang='lat' dir='ltr'><strong>matrum</strong></span> <span class='ocrx_word' id='word_1_40' title='bbox 1593 924 1755 986; x_wconf 92' lang='lat' dir='ltr'><strong>dum</strong></span> <span class='ocrx_word' id='word_1_41' title='bbox 1788 923 1992 986; x_wconf 89' lang='lat' dir='ltr'><strong>lustra</strong></span> <span class='ocrx_word' id='word_1_42' title='bbox 2023 930 2402 1005; x_wconf 89' lang='lat' dir='ltr'><strong>sequuntur,</strong></span> 
     </span>
     <span class='ocr_line' id='line_1_7' title="bbox 315 1032 1902 1113; baseline -0.003 -17"><span class='ocrx_word' id='word_1_43' title='bbox 315 1040 351 1067; x_wconf 89' lang='lat'><strong>“</strong></span> <span class='ocrx_word' id='word_1_44' title='bbox 371 1033 575 1096; x_wconf 90' lang='lat' dir='ltr'><strong>Altus</strong></span> <span class='ocrx_word' id='word_1_45' title='bbox 607 1053 945 1095; x_wconf 90' lang='lat' dir='ltr'><strong>caesorum</strong></span> <span class='ocrx_word' id='word_1_46' title='bbox 979 1032 1160 1113; x_wconf 87' lang='lat' dir='ltr'><strong>pavit</strong></span> <span class='ocrx_word' id='word_1_47' title='bbox 1191 1051 1380 1093; x_wconf 90' lang='lat' dir='ltr'><strong>cruor</strong></span> <span class='ocrx_word' id='word_1_48' title='bbox 1410 1038 1860 1092; x_wconf 84' lang='lat' dir='ltr'><strong>armentorum</strong></span> <span class='ocrx_word' id='word_1_49' title='bbox 1887 1050 1902 1106; x_wconf 91' lang='lat'>;</span> 
     </span>
    </p>

    <p class='ocr_par' dir='ltr' id='par_1_6' title="bbox 317 1133 2410 1320">
     <span class='ocr_line' id='line_1_8' title="bbox 319 1133 2410 1213; baseline -0.002 -15"><span class='ocrx_word' id='word_1_50' title='bbox 319 1141 355 1169; x_wconf 90' lang='lat'>“</span> <span class='ocrx_word' id='word_1_51' title='bbox 381 1135 491 1199; x_wconf 86' lang='lat' dir='ltr'><strong>Sic</strong></span> <span class='ocrx_word' id='word_1_52' title='bbox 523 1145 588 1198; x_wconf 91' lang='lat' dir='ltr'><strong>et</strong></span> <span class='ocrx_word' id='word_1_53' title='bbox 624 1134 970 1198; x_wconf 86' lang='lat' dir='ltr'><strong>Sullanum</strong></span> <span class='ocrx_word' id='word_1_54' title='bbox 1001 1134 1195 1196; x_wconf 91' lang='lat' dir='ltr'><strong>solito</strong></span> <span class='ocrx_word' id='word_1_55' title='bbox 1230 1134 1347 1196; x_wconf 91' lang='lat' dir='ltr'><strong>tibi</strong></span> <span class='ocrx_word' id='word_1_56' title='bbox 1380 1133 1671 1205; x_wconf 63' lang='lat' dir='ltr'><strong>lambere</strong></span> <span class='ocrx_word' id='word_1_57' title='bbox 1704 1133 1944 1195; x_wconf 86' lang='lat' dir='ltr'><strong>ferrum</strong></span> <span class='ocrx_word' id='word_1_58' title='bbox 2282 1149 2410 1213; x_wconf 87' lang='lat'><strong>330</strong></span> 
     </span>
     <span class='ocr_line' id='line_1_9' title="bbox 317 1236 2152 1320; baseline -0.001 -19"><span class='ocrx_word' id='word_1_59' title='bbox 317 1244 353 1271; x_wconf 93' lang='lat'><strong>“</strong></span> <span class='ocrx_word' id='word_1_60' title='bbox 380 1239 612 1314; x_wconf 91' lang='lat' dir='ltr'><strong>Durat,</strong></span> <span class='ocrx_word' id='word_1_61' title='bbox 650 1239 913 1320; x_wconf 81' lang='lat' dir='ltr'>Magne,</span> <span class='ocrx_word' id='word_1_62' title='bbox 949 1239 1105 1301; x_wconf 81' lang='lat' dir='ltr'><strong>sitis,</strong></span> <span class='ocrx_word' id='word_1_63' title='bbox 1198 1237 1439 1300; x_wconf 91' lang='lat' dir='ltr'><strong>Nullus</strong></span> <span class='ocrx_word' id='word_1_64' title='bbox 1472 1236 1676 1299; x_wconf 91' lang='lat' dir='ltr'><strong>semel</strong></span> <span class='ocrx_word' id='word_1_65' title='bbox 1709 1258 1820 1299; x_wconf 92' lang='lat' dir='ltr'><strong>ore</strong></span> <span class='ocrx_word' id='word_1_66' title='bbox 1853 1245 2152 1318; x_wconf 91' lang='lat' dir='ltr'><strong>receptus</strong></span> 
     </span>
    </p>

    <p class='ocr_par' dir='ltr' id='par_1_7' title="bbox 314 1339 1998 1424">
     <span class='ocr_line' id='line_1_10' title="bbox 314 1339 1998 1424; baseline -0.002 -18"><span class='ocrx_word' id='word_1_67' title='bbox 314 1349 351 1376; x_wconf 90' lang='lat'><strong>“</strong></span> <span class='ocrx_word' id='word_1_68' title='bbox 378 1342 668 1406; x_wconf 87' lang='lat' dir='ltr'><strong>Pollutas</strong></span> <span class='ocrx_word' id='word_1_69' title='bbox 702 1343 950 1424; x_wconf 88' lang='lat' dir='ltr'><strong>patitur</strong></span> <span class='ocrx_word' id='word_1_70' title='bbox 979 1341 1246 1423; x_wconf 88' lang='lat' dir='ltr'><strong>sanguis</strong></span> <span class='ocrx_word' id='word_1_71' title='bbox 1280 1361 1733 1402; x_wconf 84' lang='lat' dir='ltr'><strong>mansuescere</strong></span> <span class='ocrx_word' id='word_1_72' title='bbox 1765 1339 1998 1403; x_wconf 79' lang='lat' dir='ltr'><strong>fauces,</strong></span> 
     </span>
    </p>

    <p class='ocr_par' dir='ltr' id='par_1_8' title="bbox 317 1441 2182 1527">
     <span class='ocr_line' id='line_1_11' title="bbox 317 1441 2182 1527; baseline -0.002 -19"><span class='ocrx_word' id='word_1_73' title='bbox 317 1452 355 1479; x_wconf 92' lang='lat'><strong><em>“</em></strong></span> <span class='ocrx_word' id='word_1_74' title='bbox 379 1445 597 1527; x_wconf 79' lang='lat' dir='ltr'><strong>Quem</strong></span> <span class='ocrx_word' id='word_1_75' title='bbox 629 1455 853 1508; x_wconf 92' lang='lat' dir='ltr'><strong>tamen</strong></span> <span class='ocrx_word' id='word_1_76' title='bbox 888 1445 1175 1507; x_wconf 89' lang='lat' dir='ltr'><strong>inveniet</strong></span> <span class='ocrx_word' id='word_1_77' title='bbox 1205 1453 1343 1506; x_wconf 94' lang='lat' dir='ltr'><strong>tam</strong></span> <span class='ocrx_word' id='word_1_78' title='bbox 1378 1443 1575 1525; x_wconf 88' lang='lat' dir='ltr'><strong>longa</strong></span> <span class='ocrx_word' id='word_1_79' title='bbox 1608 1444 1903 1524; x_wconf 87' lang='lat' dir='ltr'><strong>potentia</strong></span> <span class='ocrx_word' id='word_1_80' title='bbox 1937 1441 2182 1505; x_wconf 86' lang='lat' dir='ltr'><strong>finem?</strong></span> 
     </span>
    </p>

    <p class='ocr_par' dir='ltr' id='par_1_9' title="bbox 314 1547 2413 1838">
     <span class='ocr_line' id='line_1_12' title="bbox 317 1547 2413 1632; baseline -0.002 -20"><span class='ocrx_word' id='word_1_81' title='bbox 317 1556 354 1584; x_wconf 90' lang='lat'><strong>“</strong></span> <span class='ocrx_word' id='word_1_82' title='bbox 378 1550 545 1632; x_wconf 80' lang='lat' dir='ltr'><strong>Quis</strong></span> <span class='ocrx_word' id='word_1_83' title='bbox 566 1549 883 1612; x_wconf 93' lang='lat' dir='ltr'><strong>scelerum</strong></span> <span class='ocrx_word' id='word_1_84' title='bbox 907 1549 1141 1612; x_wconf 89' lang='lat' dir='ltr'><strong>modus</strong></span> <span class='ocrx_word' id='word_1_85' title='bbox 1164 1548 1299 1611; x_wconf 89' lang='lat' dir='ltr'><strong>est?</strong></span> <span class='ocrx_word' id='word_1_86' title='bbox 1332 1548 1446 1609; x_wconf 86' lang='lat' dir='ltr'><strong>Ex</strong></span> <span class='ocrx_word' id='word_1_87' title='bbox 1466 1548 1592 1610; x_wconf 94' lang='lat' dir='ltr'><strong>hoc</strong></span> <span class='ocrx_word' id='word_1_88' title='bbox 1616 1548 1851 1622; x_wconf 89' lang='lat' dir='ltr'><strong>teiam,</strong></span> <span class='ocrx_word' id='word_1_89' title='bbox 1876 1547 2187 1629; x_wconf 88' lang='lat' dir='ltr'><strong>improbe,</strong></span> <span class='ocrx_word' id='word_1_90' title='bbox 2210 1566 2413 1627; x_wconf 89' lang='lat' dir='ltr'><strong>regno</strong></span> 
     </span>
     <span class='ocr_line' id='line_1_13' title="bbox 314 1649 2409 1729; baseline -0.002 -13"><span class='ocrx_word' id='word_1_91' title='bbox 314 1658 352 1687; x_wconf 89' lang='lat'><strong>“</strong></span> <span class='ocrx_word' id='word_1_92' title='bbox 378 1653 500 1716; x_wconf 95' lang='lat' dir='ltr'><strong>Ille</strong></span> <span class='ocrx_word' id='word_1_93' title='bbox 532 1662 683 1715; x_wconf 89' lang='lat' dir='ltr'><strong>tuus</strong></span> <span class='ocrx_word' id='word_1_94' title='bbox 715 1652 953 1715; x_wconf 90' lang='lat' dir='ltr'><strong>saltem</strong></span> <span class='ocrx_word' id='word_1_95' title='bbox 986 1652 1222 1714; x_wconf 91' lang='lat' dir='ltr'><strong>doceat</strong></span> <span class='ocrx_word' id='word_1_96' title='bbox 1254 1652 1591 1714; x_wconf 86' lang='lat' dir='ltr'><strong>discedere</strong></span> <span class='ocrx_word' id='word_1_97' title='bbox 1626 1649 1827 1713; x_wconf 85' lang='lat' dir='ltr'><strong>Sulla.</strong></span> <span class='ocrx_word' id='word_1_98' title='bbox 2289 1661 2409 1729; x_wconf 83' lang='lat'><strong>335</strong></span> 
     </span>
     <span class='ocr_line' id='line_1_14' title="bbox 317 1756 1945 1838; baseline 0 -20"><span class='ocrx_word' id='word_1_99' title='bbox 317 1760 356 1790; x_wconf 87' lang='lat'><strong>“</strong></span> <span class='ocrx_word' id='word_1_100' title='bbox 382 1757 540 1819; x_wconf 88' lang='lat' dir='ltr'><strong>Post</strong></span> <span class='ocrx_word' id='word_1_101' title='bbox 573 1756 898 1820; x_wconf 89' lang='lat' dir='ltr'><strong>Cilicasne</strong></span> <span class='ocrx_word' id='word_1_102' title='bbox 928 1777 1151 1838; x_wconf 86' lang='lat' dir='ltr'><strong>vagos,</strong></span> <span class='ocrx_word' id='word_1_103' title='bbox 1188 1765 1253 1818; x_wconf 88' lang='lat' dir='ltr'><strong>et</strong></span> <span class='ocrx_word' id='word_1_104' title='bbox 1285 1756 1437 1818; x_wconf 90' lang='lat' dir='ltr'><strong>lassi</strong></span> <span class='ocrx_word' id='word_1_105' title='bbox 1474 1756 1744 1818; x_wconf 90' lang='lat' dir='ltr'><strong>Pontica</strong></span> <span class='ocrx_word' id='word_1_106' title='bbox 1776 1756 1945 1837; x_wconf 89' lang='lat' dir='ltr'><strong>regis</strong></span> 
     </span>
    </p>

    <p class='ocr_par' dir='ltr' id='par_1_10' title="bbox 316 1860 1966 1935">
     <span class='ocr_line' id='line_1_15' title="bbox 316 1860 1966 1935; baseline -0.001 -13"><span class='ocrx_word' id='word_1_107' title='bbox 316 1866 354 1895; x_wconf 90' lang='lat'><strong>“</strong></span> <span class='ocrx_word' id='word_1_108' title='bbox 381 1860 652 1935; x_wconf 87' lang='lat' dir='ltr'><strong>Proelia,</strong></span> <span class='ocrx_word' id='word_1_109' title='bbox 685 1861 1027 1922; x_wconf 90' lang='lat' dir='ltr'><strong>barbarico</strong></span> <span class='ocrx_word' id='word_1_110' title='bbox 1057 1861 1174 1922; x_wconf 84' lang='lat' dir='ltr'><strong>vix</strong></span> <span class='ocrx_word' id='word_1_111' title='bbox 1205 1868 1665 1922; x_wconf 90' lang='lat' dir='ltr'><strong>consummata</strong></span> <span class='ocrx_word' id='word_1_112' title='bbox 1695 1879 1966 1935; x_wconf 91' lang='lat' dir='ltr'><strong>veneno,</strong></span> 
     </span>
    </p>

    <p class='ocr_par' dir='ltr' id='par_1_11' title="bbox 321 1962 1943 2045">
     <span class='ocr_line' id='line_1_16' title="bbox 321 1962 1943 2045; baseline -0.001 -19"><span class='ocrx_word' id='word_1_113' title='bbox 321 1967 359 1996; x_wconf 90' lang='lat'><strong>“</strong></span> <span class='ocrx_word' id='word_1_114' title='bbox 382 1962 640 2026; x_wconf 90' lang='lat' dir='ltr'><strong>Ultima</strong></span> <span class='ocrx_word' id='word_1_115' title='bbox 675 1963 990 2045; x_wconf 93' lang='lat' dir='ltr'><strong>Pompeio</strong></span> <span class='ocrx_word' id='word_1_116' title='bbox 1023 1962 1288 2024; x_wconf 91' lang='lat' dir='ltr'><strong>dabitur</strong></span> <span class='ocrx_word' id='word_1_117' title='bbox 1318 1963 1650 2044; x_wconf 91' lang='lat' dir='ltr'><strong>provincia</strong></span> <span class='ocrx_word' id='word_1_118' title='bbox 1684 1962 1943 2038; x_wconf 91' lang='lat' dir='ltr'><strong>Caesar,</strong></span> 
     </span>
    </p>

    <p class='ocr_par' dir='ltr' id='par_1_12' title="bbox 321 2065 2005 2147">
     <span class='ocr_line' id='line_1_17' title="bbox 321 2065 2005 2147; baseline 0.002 -21"><span class='ocrx_word' id='word_1_119' title='bbox 321 2071 357 2098; x_wconf 93' lang='lat'><strong>‘·</strong></span> <span class='ocrx_word' id='word_1_120' title='bbox 384 2065 585 2147; x_wconf 78' lang='lat' dir='ltr'><strong>Quod</strong></span> <span class='ocrx_word' id='word_1_121' title='bbox 620 2086 767 2139; x_wconf 92' lang='lat' dir='ltr'><strong>non,</strong></span> <span class='ocrx_word' id='word_1_122' title='bbox 801 2066 1096 2127; x_wconf 89' lang='lat' dir='ltr'><strong>victrices</strong></span> <span class='ocrx_word' id='word_1_123' title='bbox 1130 2065 1383 2147; x_wconf 90' lang='lat' dir='ltr'><strong>aquilas</strong></span> <span class='ocrx_word' id='word_1_124' title='bbox 1416 2066 1745 2147; x_wconf 90' lang='lat' dir='ltr'><strong>deponere</strong></span> <span class='ocrx_word' id='word_1_125' title='bbox 1778 2067 2005 2142; x_wconf 83' lang='lat' dir='ltr'><strong>iussuS,</strong></span> 
     </span>
    </p>

    <p class='ocr_par' dir='ltr' id='par_1_13' title="bbox 323 2167 2422 2354">
     <span class='ocr_line' id='line_1_18' title="bbox 323 2167 2422 2251; baseline 0.002 -21"><span class='ocrx_word' id='word_1_126' title='bbox 323 2173 361 2202; x_wconf 90' lang='lat'><strong>“</strong></span> <span class='ocrx_word' id='word_1_127' title='bbox 388 2168 719 2230; x_wconf 90' lang='lat' dir='ltr'><strong>Paruerim</strong></span> <span class='ocrx_word' id='word_1_128' title='bbox 746 2167 768 2230; x_wconf 88' lang='lat'>?</span> <span class='ocrx_word' id='word_1_129' title='bbox 817 2167 981 2229; x_wconf 90' lang='lat' dir='ltr'><strong>Mihi</strong></span> <span class='ocrx_word' id='word_1_130' title='bbox 1014 2169 1067 2231; x_wconf 92' lang='lat' dir='ltr'><strong>si</strong></span> <span class='ocrx_word' id='word_1_131' title='bbox 1102 2188 1349 2231; x_wconf 86' lang='lat' dir='ltr'><strong>merces</strong></span> <span class='ocrx_word' id='word_1_132' title='bbox 1381 2179 1606 2251; x_wconf 93' lang='lat' dir='ltr'><strong>erepta</strong></span> <span class='ocrx_word' id='word_1_133' title='bbox 1639 2169 1939 2232; x_wconf 90' lang='lat' dir='ltr'><strong>laborum</strong></span> <span class='ocrx_word' id='word_1_134' title='bbox 1971 2177 2087 2246; x_wconf 88' lang='lat' dir='ltr'><strong>est,</strong></span> <span class='ocrx_word' id='word_1_135' title='bbox 2295 2187 2422 2251; x_wconf 85' lang='lat'><strong>340</strong></span> 
     </span>
     <span class='ocr_line' id='line_1_19' title="bbox 324 2271 2090 2354; baseline 0.001 -20"><span class='ocrx_word' id='word_1_136' title='bbox 324 2279 361 2305; x_wconf 87' lang='lat'>“</span> <span class='ocrx_word' id='word_1_137' title='bbox 390 2272 517 2334; x_wconf 91' lang='lat' dir='ltr'><strong>His</strong></span> <span class='ocrx_word' id='word_1_138' title='bbox 549 2271 785 2334; x_wconf 90' lang='lat' dir='ltr'><strong>saltem</strong></span> <span class='ocrx_word' id='word_1_139' title='bbox 818 2271 1013 2353; x_wconf 83' lang='lat' dir='ltr'><strong>longi,</strong></span> <span class='ocrx_word' id='word_1_140' title='bbox 1049 2293 1179 2335; x_wconf 92' lang='lat' dir='ltr'><strong>non</strong></span> <span class='ocrx_word' id='word_1_141' title='bbox 1212 2294 1362 2335; x_wconf 92' lang='lat' dir='ltr'><strong>cum</strong></span> <span class='ocrx_word' id='word_1_142' title='bbox 1396 2273 1580 2348; x_wconf 93' lang='lat' dir='ltr'><strong>duce,</strong></span> <span class='ocrx_word' id='word_1_143' title='bbox 1615 2275 1906 2354; x_wconf 90' lang='lat' dir='ltr'><strong>praemia</strong></span> <span class='ocrx_word' id='word_1_144' title='bbox 1937 2273 2090 2336; x_wconf 92' lang='lat' dir='ltr'><strong>belli</strong></span> 
     </span>
    </p>

    <p class='ocr_par' dir='ltr' id='par_1_14' title="bbox 324 2376 2104 2460">
     <span class='ocr_line' id='line_1_20' title="bbox 324 2376 2104 2460; baseline 0.001 -21"><span class='ocrx_word' id='word_1_145' title='bbox 324 2383 361 2410; x_wconf 92' lang='lat'><strong>“</strong></span> <span class='ocrx_word' id='word_1_146' title='bbox 389 2377 820 2440; x_wconf 91' lang='lat' dir='ltr'><strong>Reddantur:</strong></span> <span class='ocrx_word' id='word_1_147' title='bbox 871 2377 1056 2439; x_wconf 92' lang='lat' dir='ltr'><strong>miles</strong></span> <span class='ocrx_word' id='word_1_148' title='bbox 1088 2377 1211 2439; x_wconf 92' lang='lat' dir='ltr'><strong>sub</strong></span> <span class='ocrx_word' id='word_1_149' title='bbox 1242 2376 1539 2460; x_wconf 92' lang='lat' dir='ltr'><strong>quolibet</strong></span> <span class='ocrx_word' id='word_1_150' title='bbox 1576 2378 1697 2439; x_wconf 93' lang='lat' dir='ltr'><strong>iste</strong></span> <span class='ocrx_word' id='word_1_151' title='bbox 1728 2377 2104 2459; x_wconf 87' lang='lat' dir='ltr'><strong>triumphet.</strong></span> 
     </span>
    </p>

    <p class='ocr_par' dir='ltr' id='par_1_15' title="bbox 324 2480 2125 2563">
     <span class='ocr_line' id='line_1_21' title="bbox 324 2480 2125 2563; baseline 0 -19"><span class='ocrx_word' id='word_1_152' title='bbox 324 2485 362 2513; x_wconf 89' lang='lat'><strong>“</strong></span> <span class='ocrx_word' id='word_1_153' title='bbox 388 2480 702 2544; x_wconf 87' lang='lat' dir='ltr'><strong>Conferet</strong></span> <span class='ocrx_word' id='word_1_154' title='bbox 735 2482 1090 2562; x_wconf 86' lang='lat' dir='ltr'><strong>exsanguis</strong></span> <span class='ocrx_word' id='word_1_155' title='bbox 1122 2502 1256 2563; x_wconf 92' lang='lat' dir='ltr'><strong>quo</strong></span> <span class='ocrx_word' id='word_1_156' title='bbox 1287 2502 1357 2543; x_wconf 93' lang='lat' dir='ltr'><strong>se</strong></span> <span class='ocrx_word' id='word_1_157' title='bbox 1389 2491 1542 2562; x_wconf 90' lang='lat' dir='ltr'><strong>post</strong></span> <span class='ocrx_word' id='word_1_158' title='bbox 1573 2480 1745 2543; x_wconf 90' lang='lat' dir='ltr'><strong>bella</strong></span> <span class='ocrx_word' id='word_1_159' title='bbox 1777 2489 2077 2544; x_wconf 88' lang='lat' dir='ltr'><strong>senectus</strong></span> <span class='ocrx_word' id='word_1_160' title='bbox 2102 2481 2125 2544; x_wconf 88' lang='lat'>?</span> 
     </span>
    </p>

    <p class='ocr_par' dir='ltr' id='par_1_16' title="bbox 326 2584 2097 2667">
     <span class='ocr_line' id='line_1_22' title="bbox 326 2584 2097 2667; baseline 0 -20"><span class='ocrx_word' id='word_1_161' title='bbox 326 2591 363 2620; x_wconf 89' lang='lat'><strong>“</strong></span> <span class='ocrx_word' id='word_1_162' title='bbox 389 2585 580 2667; x_wconf 78' lang='lat' dir='ltr'><strong>Quae</strong></span> <span class='ocrx_word' id='word_1_163' title='bbox 611 2584 802 2647; x_wconf 91' lang='lat' dir='ltr'><strong>sedes</strong></span> <span class='ocrx_word' id='word_1_164' title='bbox 835 2585 955 2646; x_wconf 90' lang='lat' dir='ltr'><strong>erit</strong></span> <span class='ocrx_word' id='word_1_165' title='bbox 988 2586 1274 2647; x_wconf 90' lang='lat' dir='ltr'><strong>emeritis</strong></span> <span class='ocrx_word' id='word_1_166' title='bbox 1299 2584 1322 2646; x_wconf 87' lang='lat'>?</span> <span class='ocrx_word' id='word_1_167' title='bbox 1369 2605 1539 2666; x_wconf 93' lang='lat' dir='ltr'><strong>quae</strong></span> <span class='ocrx_word' id='word_1_168' title='bbox 1571 2605 1719 2646; x_wconf 91' lang='lat' dir='ltr'><strong>rura</strong></span> <span class='ocrx_word' id='word_1_169' title='bbox 1750 2584 2097 2660; x_wconf 91' lang='lat' dir='ltr'><strong>dabuntur,</strong></span> 
     </span>
    </p>

    <p class='ocr_par' dir='ltr' id='par_1_17' title="bbox 327 2687 2417 2873">
     <span class='ocr_line' id='line_1_23' title="bbox 327 2687 2417 2769; baseline 0 -19"><span class='ocrx_word' id='word_1_170' title='bbox 327 2693 363 2721; x_wconf 89' lang='lat'><strong>“</strong></span> <span class='ocrx_word' id='word_1_171' title='bbox 388 2687 580 2769; x_wconf 80' lang='lat' dir='ltr'><strong>Quae</strong></span> <span class='ocrx_word' id='word_1_172' title='bbox 613 2696 836 2750; x_wconf 89' lang='lat' dir='ltr'><strong>noster</strong></span> <span class='ocrx_word' id='word_1_173' title='bbox 865 2697 1212 2750; x_wconf 90' lang='lat' dir='ltr'><strong>veteranus</strong></span> <span class='ocrx_word' id='word_1_174' title='bbox 1246 2688 1432 2749; x_wconf 83' lang='lat' dir='ltr'><strong>aret?</strong></span> <span class='ocrx_word' id='word_1_175' title='bbox 1479 2708 1648 2769; x_wconf 93' lang='lat' dir='ltr'><strong>quae</strong></span> <span class='ocrx_word' id='word_1_176' title='bbox 1680 2688 1941 2750; x_wconf 92' lang='lat' dir='ltr'><strong>moenia</strong></span> <span class='ocrx_word' id='word_1_177' title='bbox 1972 2688 2156 2751; x_wconf 89' lang='lat' dir='ltr'><strong>fessis</strong></span> <span class='ocrx_word' id='word_1_178' title='bbox 2181 2688 2205 2750; x_wconf 86' lang='lat'>?</span> <span class='ocrx_word' id='word_1_179' title='bbox 2298 2700 2417 2768; x_wconf 83' lang='lat'><strong>345</strong></span> 
     </span>
     <span class='ocr_line' id='line_1_24' title="bbox 329 2790 1858 2873; baseline -0.001 -19"><span class='ocrx_word' id='word_1_180' title='bbox 329 2791 504 2854; x_wconf 84' lang='lat' dir='ltr'><strong>“An</strong></span> <span class='ocrx_word' id='word_1_181' title='bbox 538 2792 769 2855; x_wconf 90' lang='lat' dir='ltr'><strong>melius</strong></span> <span class='ocrx_word' id='word_1_182' title='bbox 804 2791 964 2854; x_wconf 89' lang='lat' dir='ltr'><strong>fient</strong></span> <span class='ocrx_word' id='word_1_183' title='bbox 995 2792 1263 2873; x_wconf 91' lang='lat' dir='ltr'><strong>piratae,</strong></span> <span class='ocrx_word' id='word_1_184' title='bbox 1301 2792 1563 2873; x_wconf 85' lang='lat' dir='ltr'><strong>Magne,</strong></span> <span class='ocrx_word' id='word_1_185' title='bbox 1597 2790 1858 2853; x_wconf 89' lang='lat' dir='ltr'><strong>coloni?</strong></span> 
     </span>
    </p>

    <p class='ocr_par' dir='ltr' id='par_1_18' title="bbox 329 2896 1900 2979">
     <span class='ocr_line' id='line_1_25' title="bbox 329 2896 1900 2979; baseline 0 -20"><span class='ocrx_word' id='word_1_186' title='bbox 329 2902 366 2930; x_wconf 92' lang='lat'><em>“</em></span> <span class='ocrx_word' id='word_1_187' title='bbox 392 2898 635 2961; x_wconf 93' lang='lat' dir='ltr'><strong>Tollite</strong></span> <span class='ocrx_word' id='word_1_188' title='bbox 668 2898 1058 2979; x_wconf 91' lang='lat' dir='ltr'><strong>iampridem</strong></span> <span class='ocrx_word' id='word_1_189' title='bbox 1089 2898 1394 2972; x_wconf 91' lang='lat' dir='ltr'><strong>victricia,</strong></span> <span class='ocrx_word' id='word_1_190' title='bbox 1430 2896 1641 2959; x_wconf 88' lang='lat' dir='ltr'><strong>tollite</strong></span> <span class='ocrx_word' id='word_1_191' title='bbox 1672 2897 1860 2977; x_wconf 85' lang='lat' dir='ltr'><strong>signa</strong></span> <span class='ocrx_word' id='word_1_192' title='bbox 1885 2916 1900 2959; x_wconf 91' lang='lat'><strong>:</strong></span> 
     </span>
    </p>

    <p class='ocr_par' dir='ltr' id='par_1_19' title="bbox 332 2998 2215 3082">
     <span class='ocr_line' id='line_1_26' title="bbox 332 2998 2215 3082; baseline -0.001 -19"><span class='ocrx_word' id='word_1_193' title='bbox 332 3005 370 3032; x_wconf 89' lang='lat'><strong>“</strong></span> <span class='ocrx_word' id='word_1_194' title='bbox 392 3000 657 3063; x_wconf 91' lang='lat' dir='ltr'><strong>Viribus</strong></span> <span class='ocrx_word' id='word_1_195' title='bbox 689 3002 1011 3065; x_wconf 88' lang='lat' dir='ltr'><strong>utendum</strong></span> <span class='ocrx_word' id='word_1_196' title='bbox 1044 3009 1160 3078; x_wconf 93' lang='lat' dir='ltr'><strong>est,</strong></span> <span class='ocrx_word' id='word_1_197' title='bbox 1194 3021 1359 3082; x_wconf 91' lang='lat' dir='ltr'><strong>quas</strong></span> <span class='ocrx_word' id='word_1_198' title='bbox 1392 3000 1704 3063; x_wconf 87' lang='lat' dir='ltr'><strong>fecimus:</strong></span> <span class='ocrx_word' id='word_1_199' title='bbox 1750 3019 1933 3062; x_wconf 90' lang='lat' dir='ltr'><strong>arma</strong></span> <span class='ocrx_word' id='word_1_200' title='bbox 1965 2998 2215 3062; x_wconf 82' lang='lat' dir='ltr'><strong>tenenti</strong></span> 
     </span>
    </p>
   </div>
   <div class='ocr_carea' id='block_1_3' title="bbox 334 3236 2436 3430">
    <p class='ocr_par' dir='ltr' id='par_1_20' title="bbox 334 3236 2436 3430">
     <span class='ocr_line' id='line_1_27' title="bbox 433 3236 2424 3302; baseline 0.001 -18"><span class='ocrx_word' id='word_1_201' title='bbox 433 3244 542 3299; x_wconf 85' lang='lat'><strong>325.</strong></span> <span class='ocrx_word' id='word_1_202' title='bbox 605 3236 865 3287; x_wconf 76' lang='lat' dir='ltr'><strong>nefanda:</strong></span> <span class='ocrx_word' id='word_1_203' title='bbox 911 3236 1108 3286; x_wconf 91' lang='lat' dir='ltr'><strong>‘civil’:</strong></span> <span class='ocrx_word' id='word_1_204' title='bbox 1143 3237 1202 3286; x_wconf 88' lang='lat' dir='ltr'><strong>cf.</strong></span> <span class='ocrx_word' id='word_1_205' title='bbox 1245 3238 1342 3285; x_wconf 93' lang='lat' dir='ltr'><strong>Lu·</strong></span> <span class='ocrx_word' id='word_1_206' title='bbox 1412 3237 1658 3302; x_wconf 88' lang='lat' dir='ltr'><strong>probable</strong></span> <span class='ocrx_word' id='word_1_207' title='bbox 1682 3255 1693 3285; x_wconf 90' lang='lat'><strong>:</strong></span> <span class='ocrx_word' id='word_1_208' title='bbox 1716 3236 1963 3286; x_wconf 86' lang='lat' dir='ltr'><strong>whatever</strong></span> <span class='ocrx_word' id='word_1_209' title='bbox 1976 3238 2038 3286; x_wconf 88' lang='lat' dir='ltr'><strong>be</strong></span> <span class='ocrx_word' id='word_1_210' title='bbox 2057 3237 2118 3286; x_wconf 88' lang='lat' dir='ltr'><strong>its</strong></span> <span class='ocrx_word' id='word_1_211' title='bbox 2136 3236 2424 3299; x_wconf 72' lang='lat' dir='ltr'><strong>derivatim,</strong></span> 
     </span>
     <span class='ocr_line' id='line_1_28' title="bbox 335 3303 2436 3367; baseline 0.001 -17"><span class='ocrx_word' id='word_1_212' title='bbox 335 3309 451 3350; x_wconf 89' lang='lat' dir='ltr'><strong>eret.</strong></span> <span class='ocrx_word' id='word_1_213' title='bbox 482 3319 527 3350; x_wconf 87' lang='lat' dir='ltr'><strong>v.</strong></span> <span class='ocrx_word' id='word_1_214' title='bbox 567 3314 677 3364; x_wconf 90' lang='lat'>331.</span> <span class='ocrx_word' id='word_1_215' title='bbox 701 3304 788 3365; x_wconf 82' lang='lat' dir='ltr'><strong>pio</strong></span> <span class='ocrx_word' id='word_1_216' title='bbox 824 3319 1131 3367; x_wconf 82' lang='lat' dir='ltr'><strong>nequaquam</strong></span> <span class='ocrx_word' id='word_1_217' title='bbox 1162 3306 1345 3351; x_wconf 81' lang='lat' dir='ltr'><strong>concita</strong></span> <span class='ocrx_word' id='word_1_218' title='bbox 1411 3304 1450 3352; x_wconf 85' lang='lat' dir='ltr'><strong>it</strong></span> <span class='ocrx_word' id='word_1_219' title='bbox 1485 3303 1699 3366; x_wconf 88' lang='lat' dir='ltr'><strong>signifies</strong></span> <span class='ocrx_word' id='word_1_220' title='bbox 1742 3303 1854 3351; x_wconf 89' lang='lat' dir='ltr'><strong>‘the</strong></span> <span class='ocrx_word' id='word_1_221' title='bbox 1892 3304 2057 3365; x_wconf 79' lang='lat' dir='ltr'><strong>sphere</strong></span> <span class='ocrx_word' id='word_1_222' title='bbox 2092 3304 2155 3365; x_wconf 71' lang='lat' dir='ltr'><strong>eff</strong></span> <span class='ocrx_word' id='word_1_223' title='bbox 2176 3305 2338 3351; x_wconf 75' lang='lat' dir='ltr'><strong>action</strong></span> <span class='ocrx_word' id='word_1_224' title='bbox 2378 3305 2436 3353; x_wconf 84' lang='lat' dir='ltr'><strong>of</strong></span> 
     </span>
     <span class='ocr_line' id='line_1_29' title="bbox 334 3367 2022 3430; baseline 0.001 -15"><span class='ocrx_word' id='word_1_225' title='bbox 334 3369 461 3416; x_wconf 83' lang='lat' dir='ltr'><strong>bello.</strong></span> <span class='ocrx_word' id='word_1_226' title='bbox 1411 3384 1444 3417; x_wconf 90' lang='lat' dir='ltr'><strong>a</strong></span> <span class='ocrx_word' id='word_1_227' title='bbox 1468 3370 1664 3417; x_wconf 89' lang='lat' dir='ltr'><strong>Roman</strong></span> <span class='ocrx_word' id='word_1_228' title='bbox 1687 3367 2022 3430; x_wconf 86' lang='lat' dir='ltr'><strong>magistrate.&#39;&#39;</strong></span> 
     </span>
    </p>
   </div>
   <div class='ocr_carea' id='block_1_4' title="bbox 325 3430 2438 4017">
    <p class='ocr_par' dir='ltr' id='par_1_21' title="bbox 333 3430 2426 3627">
     <span class='ocr_line' id='line_1_30' title="bbox 437 3430 2426 3497; baseline 0.002 -17"><span class='ocrx_word' id='word_1_229' title='bbox 437 3441 547 3495; x_wconf 85' lang='lat'><strong>335.</strong></span> <span class='ocrx_word' id='word_1_230' title='bbox 599 3430 896 3481; x_wconf 78' lang='lat' dir='ltr'><strong>discedere:</strong></span> <span class='ocrx_word' id='word_1_231' title='bbox 933 3432 1073 3481; x_wconf 89' lang='lat' dir='ltr'><strong>Sulla</strong></span> <span class='ocrx_word' id='word_1_232' title='bbox 1094 3433 1355 3482; x_wconf 90' lang='lat' dir='ltr'><strong>abdicated</strong></span> <span class='ocrx_word' id='word_1_233' title='bbox 1521 3447 1630 3497; x_wconf 89' lang='lat'><strong>342.</strong></span> <span class='ocrx_word' id='word_1_234' title='bbox 1689 3433 1823 3481; x_wconf 78' lang='lat' dir='ltr'><strong>iste:</strong></span> <span class='ocrx_word' id='word_1_235' title='bbox 1863 3450 1936 3481; x_wconf 91' lang='lat' dir='ltr'><strong>we</strong></span> <span class='ocrx_word' id='word_1_236' title='bbox 1972 3433 2150 3481; x_wconf 88' lang='lat' dir='ltr'><strong>should</strong></span> <span class='ocrx_word' id='word_1_237' title='bbox 2183 3433 2309 3481; x_wconf 85' lang='lat' dir='ltr'><strong>have</strong></span> <span class='ocrx_word' id='word_1_238' title='bbox 2346 3449 2426 3483; x_wconf 84' lang='lat' dir='ltr'><strong>ex-</strong></span> 
     </span>
     <span class='ocr_line' id='line_1_31' title="bbox 336 3497 2426 3564; baseline 0 -18"><span class='ocrx_word' id='word_1_239' title='bbox 336 3497 421 3546; x_wconf 90' lang='lat' dir='ltr'><strong>the</strong></span> <span class='ocrx_word' id='word_1_240' title='bbox 477 3497 819 3561; x_wconf 88' lang='lat' dir='ltr'><strong>Dictatorship</strong></span> <span class='ocrx_word' id='word_1_241' title='bbox 865 3499 963 3545; x_wconf 87' lang='lat' dir='ltr'><strong>and</strong></span> <span class='ocrx_word' id='word_1_242' title='bbox 1017 3499 1196 3547; x_wconf 89' lang='lat' dir='ltr'><strong>retired</strong></span> <span class='ocrx_word' id='word_1_243' title='bbox 1248 3499 1353 3547; x_wconf 89' lang='lat' dir='ltr'><strong>into</strong></span> <span class='ocrx_word' id='word_1_244' title='bbox 1421 3500 1599 3564; x_wconf 89' lang='lat' dir='ltr'><strong>pected</strong></span> <span class='ocrx_word' id='word_1_245' title='bbox 1633 3500 1746 3547; x_wconf 86' lang='lat' dir='ltr'><strong>ille:</strong></span> <span class='ocrx_word' id='word_1_246' title='bbox 1791 3498 1954 3546; x_wconf 89' lang='lat' dir='ltr'><strong>unless</strong></span> <span class='ocrx_word' id='word_1_247' title='bbox 1978 3499 2062 3546; x_wconf 82' lang='lat' dir='ltr'><strong>iste</strong></span> <span class='ocrx_word' id='word_1_248' title='bbox 2086 3499 2221 3546; x_wconf 84' lang='lat' dir='ltr'><strong>miles</strong></span> <span class='ocrx_word' id='word_1_249' title='bbox 2248 3520 2301 3539; x_wconf 78' lang='lat'><em>-—-·</em></span> <span class='ocrx_word' id='word_1_250' title='bbox 2328 3515 2426 3560; x_wconf 81' lang='lat' dir='ltr'><strong>vos,</strong></span> 
     </span>
     <span class='ocr_line' id='line_1_32' title="bbox 333 3562 1607 3627; baseline 0.001 -16"><span class='ocrx_word' id='word_1_251' title='bbox 333 3564 527 3627; x_wconf 88' lang='lat' dir='ltr'><strong>private</strong></span> <span class='ocrx_word' id='word_1_252' title='bbox 551 3562 650 3610; x_wconf 90' lang='lat' dir='ltr'><strong>life.</strong></span> <span class='ocrx_word' id='word_1_253' title='bbox 691 3574 738 3611; x_wconf 88' lang='lat' dir='ltr'><strong>B.</strong></span> <span class='ocrx_word' id='word_1_254' title='bbox 761 3575 808 3611; x_wconf 88' lang='lat' dir='ltr'><strong>c.</strong></span> <span class='ocrx_word' id='word_1_255' title='bbox 844 3572 917 3623; x_wconf 91' lang='lat'><strong>79.</strong></span> <span class='ocrx_word' id='word_1_256' title='bbox 1422 3566 1607 3613; x_wconf 83' lang='lat' dir='ltr'><strong>milites.</strong></span> 
     </span>
    </p>

    <p class='ocr_par' dir='ltr' id='par_1_22' title="bbox 325 3626 2438 4017">
     <span class='ocr_line' id='line_1_33' title="bbox 433 3626 2434 3692; baseline 0.001 -17"><span class='ocrx_word' id='word_1_257' title='bbox 433 3626 543 3689; x_wconf 88' lang='lat'><strong>336.</strong></span> <span class='ocrx_word' id='word_1_258' title='bbox 607 3627 781 3688; x_wconf 83' lang='lat' dir='ltr'><strong>regis:</strong></span> <span class='ocrx_word' id='word_1_259' title='bbox 836 3628 1186 3677; x_wconf 85' lang='lat' dir='ltr'><strong>Mithridates:</strong></span> <span class='ocrx_word' id='word_1_260' title='bbox 1235 3628 1352 3677; x_wconf 90' lang='lat' dir='ltr'><strong>who</strong></span> <span class='ocrx_word' id='word_1_261' title='bbox 1518 3643 1627 3692; x_wconf 90' lang='lat'><strong>344.</strong></span> <span class='ocrx_word' id='word_1_262' title='bbox 1690 3628 1927 3676; x_wconf 81' lang='lat' dir='ltr'><strong>emeritis</strong></span> <span class='ocrx_word' id='word_1_263' title='bbox 1945 3635 1961 3676; x_wconf 74' lang='grc' dir='ltr'>ἐ</span> <span class='ocrx_word' id='word_1_264' title='bbox 2021 3628 2142 3676; x_wconf 84' lang='lat' dir='ltr'><strong>after</strong></span> <span class='ocrx_word' id='word_1_265' title='bbox 2188 3641 2253 3675; x_wconf 91' lang='lat'><strong>20</strong></span> <span class='ocrx_word' id='word_1_266' title='bbox 2293 3644 2434 3692; x_wconf 83' lang='lat' dir='ltr'><strong>years</strong></span> 
     </span>
     <span class='ocr_line' id='line_1_34' title="bbox 334 3692 2437 3758; baseline 0 -17"><span class='ocrx_word' id='word_1_267' title='bbox 334 3694 566 3756; x_wconf 88' lang='lat' dir='ltr'><strong>perished</strong></span> <span class='ocrx_word' id='word_1_268' title='bbox 598 3693 761 3756; x_wconf 87' lang='lat' dir='ltr'><strong>partly</strong></span> <span class='ocrx_word' id='word_1_269' title='bbox 785 3692 853 3757; x_wconf 93' lang='lat' dir='ltr'><strong>by</strong></span> <span class='ocrx_word' id='word_1_270' title='bbox 875 3694 1068 3756; x_wconf 89' lang='lat' dir='ltr'><strong>poison,</strong></span> <span class='ocrx_word' id='word_1_271' title='bbox 1102 3694 1264 3758; x_wconf 86' lang='lat' dir='ltr'><strong>partly</strong></span> <span class='ocrx_word' id='word_1_272' title='bbox 1287 3695 1355 3758; x_wconf 92' lang='lat' dir='ltr'><strong>by</strong></span> <span class='ocrx_word' id='word_1_273' title='bbox 1420 3696 1605 3743; x_wconf 87' lang='lat' dir='ltr'><strong>service</strong></span> <span class='ocrx_word' id='word_1_274' title='bbox 1630 3694 1680 3741; x_wconf 91' lang='lat' dir='ltr'><strong>in</strong></span> <span class='ocrx_word' id='word_1_275' title='bbox 1706 3693 1934 3756; x_wconf 90' lang='lat' dir='ltr'><strong>infantry,</strong></span> <span class='ocrx_word' id='word_1_276' title='bbox 1979 3706 2038 3740; x_wconf 92' lang='lat'><strong>10</strong></span> <span class='ocrx_word' id='word_1_277' title='bbox 2072 3694 2121 3740; x_wconf 88' lang='lat' dir='ltr'><strong>in</strong></span> <span class='ocrx_word' id='word_1_278' title='bbox 2160 3694 2370 3757; x_wconf 82' lang='lat' dir='ltr'><strong>cavalry,</strong></span> <span class='ocrx_word' id='word_1_279' title='bbox 2406 3710 2437 3742; x_wconf 87' lang='lat' dir='ltr'><strong>a</strong></span> 
     </span>
     <span class='ocr_line' id='line_1_35' title="bbox 338 3758 2435 3808; baseline 0 -2"><span class='ocrx_word' id='word_1_280' title='bbox 338 3774 403 3806; x_wconf 88' lang='lat' dir='ltr'><strong>an</strong></span> <span class='ocrx_word' id='word_1_281' title='bbox 425 3758 724 3806; x_wconf 86' lang='lat' dir='ltr'><strong>attendant’s</strong></span> <span class='ocrx_word' id='word_1_282' title='bbox 749 3759 926 3806; x_wconf 90' lang='lat' dir='ltr'><strong>sword.</strong></span> <span class='ocrx_word' id='word_1_283' title='bbox 982 3770 1027 3806; x_wconf 89' lang='grc' dir='ltr'><strong>Β.</strong></span> <span class='ocrx_word' id='word_1_284' title='bbox 1059 3771 1106 3806; x_wconf 91' lang='lat' dir='ltr'><strong>C.</strong></span> <span class='ocrx_word' id='word_1_285' title='bbox 1139 3758 1216 3807; x_wconf 89' lang='lat'><strong>62.</strong></span> <span class='ocrx_word' id='word_1_286' title='bbox 1420 3760 1604 3808; x_wconf 88' lang='lat' dir='ltr'><strong>soldier</strong></span> <span class='ocrx_word' id='word_1_287' title='bbox 1642 3775 1742 3806; x_wconf 87' lang='lat' dir='ltr'><strong>was</strong></span> <span class='ocrx_word' id='word_1_288' title='bbox 1782 3759 2041 3806; x_wconf 83' lang='lat' dir='ltr'><strong>emeritus:</strong></span> <span class='ocrx_word' id='word_1_289' title='bbox 2085 3758 2127 3805; x_wconf 90' lang='lat' dir='ltr'><strong>is</strong></span> <span class='ocrx_word' id='word_1_290' title='bbox 2159 3758 2221 3806; x_wconf 93' lang='lat' dir='ltr'><strong>he</strong></span> <span class='ocrx_word' id='word_1_291' title='bbox 2263 3759 2435 3807; x_wconf 88' lang='lat' dir='ltr'><strong>served</strong></span> 
     </span>
     <span class='ocr_line' id='line_1_36' title="bbox 356 3821 2438 3887; baseline 0.001 -17"><span class='ocrx_word' id='word_1_292' title='bbox 356 3876 358 3878; x_wconf 38' lang='grc'><strong>,</strong></span> <span class='ocrx_word' id='word_1_293' title='bbox 435 3821 545 3886; x_wconf 89' lang='lat'><strong>338.</strong></span> <span class='ocrx_word' id='word_1_294' title='bbox 608 3823 920 3883; x_wconf 80' lang='lat' dir='ltr'><strong>provincia:</strong></span> <span class='ocrx_word' id='word_1_295' title='bbox 966 3824 1081 3871; x_wconf 91' lang='lat' dir='ltr'><strong>Der.</strong></span> <span class='ocrx_word' id='word_1_296' title='bbox 1124 3825 1197 3884; x_wconf 88' lang='lat'><strong>(1)</strong></span> <span class='ocrx_word' id='word_1_297' title='bbox 1223 3825 1352 3873; x_wconf 90' lang='lat' dir='ltr'><strong>from</strong></span> <span class='ocrx_word' id='word_1_298' title='bbox 1420 3825 1544 3873; x_wconf 89' lang='lat' dir='ltr'><strong>after</strong></span> <span class='ocrx_word' id='word_1_299' title='bbox 1588 3825 1826 3887; x_wconf 81' lang='lat' dir='ltr'><strong>receiving</strong></span> <span class='ocrx_word' id='word_1_300' title='bbox 1867 3823 1944 3870; x_wconf 92' lang='lat' dir='ltr'><strong>his</strong></span> <span class='ocrx_word' id='word_1_301' title='bbox 2000 3824 2175 3880; x_wconf 75' lang='lat' dir='ltr'><strong>missia,</strong></span> <span class='ocrx_word' id='word_1_302' title='bbox 2228 3823 2290 3871; x_wconf 92' lang='lat' dir='ltr'><strong>he</strong></span> <span class='ocrx_word' id='word_1_303' title='bbox 2336 3840 2438 3872; x_wconf 87' lang='lat' dir='ltr'><strong>was</strong></span> 
     </span>
     <span class='ocr_line' id='line_1_37' title="bbox 325 3888 2438 3952; baseline 0.001 -17"><span class='ocrx_word' id='word_1_304' title='bbox 325 3890 583 3950; x_wconf 74' lang='lat' dir='ltr'><strong>provinco,</strong></span> <span class='ocrx_word' id='word_1_305' title='bbox 634 3905 691 3936; x_wconf 94' lang='lat' dir='ltr'><strong>or</strong></span> <span class='ocrx_word' id='word_1_306' title='bbox 754 3890 825 3949; x_wconf 87' lang='lat'><strong>(2)</strong></span> <span class='ocrx_word' id='word_1_307' title='bbox 872 3905 902 3936; x_wconf 91' lang='lat' dir='ltr'><strong>a</strong></span> <span class='ocrx_word' id='word_1_308' title='bbox 952 3889 1088 3937; x_wconf 86' lang='lat' dir='ltr'><strong>short</strong></span> <span class='ocrx_word' id='word_1_309' title='bbox 1132 3890 1259 3937; x_wconf 90' lang='lat' dir='ltr'><strong>form</strong></span> <span class='ocrx_word' id='word_1_310' title='bbox 1306 3889 1362 3937; x_wconf 87' lang='lat' dir='ltr'><strong>of</strong></span> <span class='ocrx_word' id='word_1_311' title='bbox 1421 3897 1673 3939; x_wconf 82' lang='lat' dir='ltr'><strong>evocatus:</strong></span> <span class='ocrx_word' id='word_1_312' title='bbox 1718 3889 1761 3937; x_wconf 89' lang='lat' dir='ltr'><strong>if</strong></span> <span class='ocrx_word' id='word_1_313' title='bbox 1800 3888 1922 3937; x_wconf 86' lang='lat' dir='ltr'><strong>after</strong></span> <span class='ocrx_word' id='word_1_314' title='bbox 1965 3889 2219 3952; x_wconf 76' lang='lat' dir='ltr'><strong>deserving</strong></span> <span class='ocrx_word' id='word_1_315' title='bbox 2257 3889 2311 3949; x_wconf 79' lang='lat' dir='ltr'><strong>it,</strong></span> <span class='ocrx_word' id='word_1_316' title='bbox 2360 3904 2438 3937; x_wconf 73' lang='lat' dir='ltr'><strong>ex-</strong></span> 
     </span>
     <span class='ocr_line' id='line_1_38' title="bbox 330 3953 1719 4017; baseline 0.001 -17"><span class='ocrx_word' id='word_1_317' title='bbox 330 3954 646 4017; x_wconf 79' lang='lat' dir='ltr'><strong>providentia</strong></span> <span class='ocrx_word' id='word_1_318' title='bbox 663 3970 682 4003; x_wconf 88' lang='lat'><strong>.·</strong></span> <span class='ocrx_word' id='word_1_319' title='bbox 718 3954 803 4003; x_wconf 88' lang='lat' dir='ltr'><strong>the</strong></span> <span class='ocrx_word' id='word_1_320' title='bbox 837 3953 984 4004; x_wconf 78' lang='lat' dir='ltr'><strong>latter</strong></span> <span class='ocrx_word' id='word_1_321' title='bbox 1021 3971 1180 4004; x_wconf 86' lang='lat' dir='ltr'><strong>seems</strong></span> <span class='ocrx_word' id='word_1_322' title='bbox 1219 3970 1356 4003; x_wconf 88' lang='lat' dir='ltr'><strong>more</strong></span> <span class='ocrx_word' id='word_1_323' title='bbox 1422 3961 1719 4003; x_wconf 86' lang='lat' dir='ltr'><strong>auctoratus.</strong></span> 
     </span>
    </p>
   </div>
  </div>
 </body>
</html>
